<record><leader>00000cas a2200000Ma 4500</leader><controlfield tag="001">664617549</controlfield><controlfield tag="007">cr |n|||||||||</controlfield><controlfield tag="008">751101d18401845nyuwr   o     |    0eng d</controlfield><datafield ind1=" " ind2=" " tag="010"><subfield code="a">sn 96095036 </subfield></datafield><datafield ind1=" " ind2=" " tag="040"><subfield code="a">HTM</subfield><subfield code="b">eng</subfield><subfield code="c">HTM</subfield><subfield code="d">OCLCQ</subfield><subfield code="d">OCLCO</subfield><subfield code="d">OCLCF</subfield><subfield code="d">OCLCO</subfield><subfield code="d">OCLCQ</subfield></datafield><datafield ind1=" " ind2=" " tag="043"><subfield code="a">n-us---</subfield></datafield><datafield ind1="0" ind2="4" tag="245"><subfield code="a">The new world.</subfield></datafield><datafield ind1=" " ind2=" " tag="250"><subfield code="a">Quarto ed.</subfield></datafield><datafield ind1=" " ind2=" " tag="260"><subfield code="a">New York :</subfield><subfield code="b">J. Winchester,</subfield><subfield code="c">1840-1845.</subfield></datafield><datafield ind1=" " ind2=" " tag="310"><subfield code="a">Weekly</subfield></datafield><datafield ind1=" " ind2=" " tag="336"><subfield code="a">text</subfield><subfield code="b">txt</subfield><subfield code="2">rdacontent</subfield></datafield><datafield ind1=" " ind2=" " tag="337"><subfield code="a">computer</subfield><subfield code="b">c</subfield><subfield code="2">rdamedia</subfield></datafield><datafield ind1=" " ind2=" " tag="338"><subfield code="a">online resource</subfield><subfield code="b">cr</subfield><subfield code="2">rdacarrier</subfield></datafield><datafield ind1="0" ind2=" " tag="362"><subfield code="a">Vol. 1, no. 1 (June 6, 1840)-v. 10, no. 19 (May 10, 1845) = No. 1-257.</subfield></datafield><datafield ind1=" " ind2=" " tag="500"><subfield code="a">Editors: Henry C. Deming and James Mackay, &lt;1844&gt;</subfield></datafield><datafield ind1=" " ind2=" " tag="500"><subfield code="a">"No pent-up Utica contracts our powers; for the whole boundless continent is ours."</subfield></datafield><datafield ind1=" " ind2=" " tag="580"><subfield code="a">Daily ed: Evening Signal (New York, N.Y. : 1839).</subfield></datafield><datafield ind1=" " ind2=" " tag="580"><subfield code="a">Also published a folio ed.: New World (New York, N.Y. : 1839).</subfield></datafield><datafield ind1=" " ind2="0" tag="651"><subfield code="a">United States</subfield><subfield code="v">Newspapers.</subfield></datafield><datafield ind1=" " ind2="0" tag="651"><subfield code="a">New York (N.Y.)</subfield><subfield code="v">Newspapers.</subfield></datafield><datafield ind1=" " ind2="0" tag="651"><subfield code="a">New York County (N.Y.)</subfield><subfield code="v">Newspapers.</subfield></datafield><datafield ind1=" " ind2="4" tag="650"><subfield code="a">Internet resources.</subfield></datafield><datafield ind1=" " ind2="4" tag="650"><subfield code="a">Electronic journals.</subfield></datafield><datafield ind1=" " ind2="7" tag="651"><subfield code="a">New York (State)</subfield><subfield code="z">New York.</subfield><subfield code="2">fast</subfield><subfield code="0">(OCoLC)fst01204333</subfield></datafield><datafield ind1=" " ind2="7" tag="651"><subfield code="a">New York (State)</subfield><subfield code="z">New York County.</subfield><subfield code="2">fast</subfield><subfield code="0">(OCoLC)fst01234953</subfield></datafield><datafield ind1=" " ind2="7" tag="651"><subfield code="a">United States.</subfield><subfield code="2">fast</subfield><subfield code="0">(OCoLC)fst01204155</subfield></datafield><datafield ind1=" " ind2="7" tag="655"><subfield code="a">Newspapers.</subfield><subfield code="2">fast</subfield><subfield code="0">(OCoLC)fst01423814</subfield></datafield><datafield ind1="2" ind2=" " tag="710"><subfield code="a">American Periodicals Series (Legacy Platform)</subfield></datafield><datafield ind1="0" ind2=" " tag="770"><subfield code="t">Repository of romance, and gems of popular literature</subfield><subfield code="c">v. 1, no. 1-12, 1843; n.s. v. 1-2, 1844-Dec. 1845</subfield></datafield><datafield ind1="0" ind2=" " tag="770"><subfield code="t">New world (New York, N.Y. : 1840 : Extra series)</subfield><subfield code="w">(OCoLC)7590885</subfield></datafield><datafield ind1="1" ind2=" " tag="775"><subfield code="t">Evening signal (New York, N.Y. : 1839)</subfield><subfield code="w">(DLC)sn 83030635</subfield></datafield><datafield ind1="1" ind2=" " tag="775"><subfield code="t">New world (New York, N.Y. : 1839)</subfield><subfield code="w">(DLC)sn 83030635</subfield><subfield code="w">(OCoLC)9596649</subfield></datafield><datafield ind1="1" ind2=" " tag="776"><subfield code="t">New world (New York, N.Y. : 1840)</subfield><subfield code="c">Microfilm</subfield><subfield code="w">(DLC)sf 89092294</subfield><subfield code="w">(OCoLC)11254590</subfield></datafield><datafield ind1="1" ind2=" " tag="776"><subfield code="t">New world (New York, N.Y. : 1840 : Online)</subfield><subfield code="w">(DLC)  2008266676</subfield><subfield code="w">(OCoLC)58653939</subfield></datafield><datafield ind1="4" ind2="0" tag="856"><subfield code="u">http://WC2VB5MT8E.search.serialssolutions.com/?sid=sersol&amp;SS_jc=NEWWORNEY&amp;title=New+world+(New+York,+N.Y.+:+1840)</subfield></datafield></record>